@book{gitmagic,
	author = "Lynn, Ben",
	title = "Git Magic"
	}
@mvbook{nefedov9,
	author = "Нефедов, А. В.",
	title = {Интегральные микросхемы и их зарубежные аналоги: Справочник},
	year = 2001,
	publisher = {ИП "РадиоСофт"},
	address = {Москва},
	pages = {512},
	volume = 9,
	language = {Russian},
	note = {З ілюстраціями}
}
@manual{circ,
	title={ РОЗРАХУНОК БЛОКУ ПАМ'ЯТІ:},
	note={Методичні вказівки до графічно-розрахункової роботи з дисципліни ``Архітектура комп’ютерів'' для студентів базового напрямку 6.08.04 ``Комп’ютерні науки''
	},
	author={Панчак, Р. Т. and Процько, І. О. and Теслюк, В. М.},
	publisher={НУ ``Львівська Політехніка''},
	year=2015
}
@online{mysql,
	title={Документація MySQL},
	url= {https://dev.mysql.com/doc/}
}
@online{mariadb,
	title={Документація MariaDB},
	url= {https://mariadb.org/documentation/}
}
@manual{dbman,
	title={Методичні вказівки до лабораторних робіт з дисципліни "Організація баз даних та знань"},
	note={},
	author={О. М. Станкевич},
	publisher={НУ ``Львівська Політехніка''},
	year=2023
}
@manual{dbrgr,
	title={Методичні рекомендації до виконання розрахунково-графічної роботи для студентiв базового напрямку 122 Комп’ютернi науки},
	author={О. М. Станкевич},
	publisher={НУ ``Львівська Політехніка''},
	year=2023
}
@online{denik,
	title={Оптимизация MySql запросов},
	url= {https://denik.od.ua/optimizing-mysql-query}
}


@book{pm,
   title =     {The Complete Idiots Guide to Project Management},
   author =    {Sunny Baker},
   publisher = {Penguin},
   isbn =      {0786529334; 9780786529339},
   year =      {2010}
}

@online{wiki4p,
	title={Marketing mix},
	author={Wikipedia},
	url={https://en.wikipedia.org/wiki/Marketing_mix}
}

@online{wikiwbs,
	title={WBS},
	author={Wikipedia},
	url={https://en.wikipedia.org/wiki/Work_breakdown_structure}
}

@book{4ps,
   title =     {The Marketing Mix: Master the 4 Ps of marketing (Management & Marketing Book 8)},
   author =    {50MINUTES.COM},
   publisher = {50Minutes.com},
   isbn =      {9782806266125; 2806266122; 9782806269980; 2806269989}
}

@online{vns_ba,
	title = {Теоретичний матеріал до теми 2},
	url={https://vns.lpnu.ua/mod/page/view.php?id=277331}
}

@book{stresoid,
	title = {Зберігайте спокій: 23 техніки життя без стресу},
	author = {Нік Трентон}
}

@book{tax,
	title = {Податкова система: посібник},
	author = {О. В. Балашова and Г. О. Роганова},
	year = {2016}
}
